Date,Net Sales,Location
1/1/2006,2202,Airport
1/2/2006,2896,Airport
1/3/2006,2659,Airport
1/4/2006,3389,Airport
1/5/2006,2219,Airport
1/6/2006,3265,Airport
1/7/2006,1688,Airport
1/8/2006,2833,Airport
1/9/2006,797,Airport
1/10/2006,3197,Airport
1/11/2006,1267,Airport
1/12/2006,3020,Airport
1/13/2006,2611,Airport
1/14/2006,2070,Airport
1/15/2006,2132,Airport
1/16/2006,2358,Airport
1/17/2006,2076,Airport
1/18/2006,2837,Airport
1/19/2006,2353,Airport
1/20/2006,2315,Airport
1/21/2006,1871,Airport
1/22/2006,3084,Airport
1/23/2006,3524,Airport
1/24/2006,2421,Airport
1/25/2006,2324,Airport
1/26/2006,2617,Airport
1/27/2006,2056,Airport
1/28/2006,2600,Airport
1/29/2006,2656,Airport
1/30/2006,3244,Airport
1/31/2006,1948,Airport
2/1/2006,3370,Airport
2/2/2006,2291,Airport
2/3/2006,2581,Airport
2/4/2006,3832,Airport
2/5/2006,3709,Airport
2/6/2006,3587,Airport
2/7/2006,3148,Airport
2/8/2006,3706,Airport
2/9/2006,2749,Airport
2/10/2006,2749,Airport
2/11/2006,4260,Airport
2/12/2006,2692,Airport
2/13/2006,4322,Airport
2/14/2006,2879,Airport
2/15/2006,1753,Airport
2/16/2006,2654,Airport
2/17/2006,2277,Airport
2/18/2006,3342,Airport
2/19/2006,3138,Airport
2/20/2006,3120,Airport
2/21/2006,2826,Airport
2/22/2006,3968,Airport
2/23/2006,2397,Airport
2/24/2006,5532,Airport
2/25/2006,3608,Airport
2/26/2006,2980,Airport
2/28/2006,3103,Airport
3/1/2006,3668,Airport
3/2/2006,1794,Airport
3/3/2006,4058,Airport
3/4/2006,2759,Airport
3/5/2006,4717,Airport
3/6/2006,4488,Airport
3/7/2006,3039,Airport
3/8/2006,2462,Airport
3/9/2006,5442,Airport
3/10/2006,3960,Airport
3/11/2006,2909,Airport
3/12/2006,2474,Airport
3/13/2006,2950,Airport
3/14/2006,3534,Airport
3/15/2006,2708,Airport
3/16/2006,3079,Airport
3/17/2006,4683,Airport
3/18/2006,3296,Airport
3/19/2006,3192,Airport
3/20/2006,5876,Airport
3/21/2006,3797,Airport
3/22/2006,4702,Airport
3/23/2006,5680,Airport
3/24/2006,2879,Airport
3/25/2006,3113,Airport
3/26/2006,4113,Airport
3/27/2006,4111,Airport
3/28/2006,4008,Airport
3/29/2006,2472,Airport
3/30/2006,4939,Airport
3/31/2006,5221,Airport
4/1/2006,4301,Airport
4/2/2006,3392,Airport
4/3/2006,2626,Airport
4/4/2006,4744,Airport
4/5/2006,4389,Airport
4/6/2006,3636,Airport
4/7/2006,3617,Airport
4/8/2006,4026,Airport
4/9/2006,5466,Airport
4/10/2006,2134,Airport
4/11/2006,1789,Airport
4/12/2006,2405,Airport
4/13/2006,2793,Airport
4/14/2006,3156,Airport
4/16/2006,3082,Airport
4/17/2006,2334,Airport
4/18/2006,3339,Airport
4/19/2006,2722,Airport
4/20/2006,3069,Airport
4/21/2006,3698,Airport
4/22/2006,2478,Airport
4/23/2006,3712,Airport
4/24/2006,3094,Airport
4/25/2006,2693,Airport
4/26/2006,3315,Airport
4/27/2006,1984,Airport
4/28/2006,3133,Airport
4/29/2006,2054,Airport
4/30/2006,3081,Airport
5/1/2006,2775,Airport
5/2/2006,1708,Airport
5/3/2006,1928,Airport
5/4/2006,3083,Airport
5/5/2006,2490,Airport
5/6/2006,3477,Airport
5/7/2006,4261,Airport
5/8/2006,4938,Airport
5/9/2006,2989,Airport
5/10/2006,1886,Airport
5/11/2006,2628,Airport
5/12/2006,4292,Airport
5/13/2006,3220,Airport
5/14/2006,3594,Airport
5/15/2006,2458,Airport
5/16/2006,1584,Airport
5/17/2006,2206,Airport
5/18/2006,3326,Airport
5/19/2006,2691,Airport
5/20/2006,3329,Airport
5/21/2006,2034,Airport
5/22/2006,3552,Airport
5/23/2006,1996,Airport
5/24/2006,1673,Airport
5/25/2006,2286,Airport
5/26/2006,3794,Airport
5/27/2006,2128,Airport
5/28/2006,2313,Airport
5/29/2006,1730,Airport
5/30/2006,3191,Airport
5/31/2006,1452,Airport
6/1/2006,3185,Airport
6/2/2006,3375,Airport
6/3/2006,2134,Airport
6/4/2006,4875,Airport
6/5/2006,3899,Airport
6/6/2006,1907,Airport
6/7/2006,1223,Airport
6/8/2006,2872,Airport
6/9/2006,1159,Airport
6/10/2006,1634,Airport
6/11/2006,2377,Airport
6/12/2006,2066,Airport
6/13/2006,1525,Airport
6/14/2006,1201,Airport
6/15/2006,1993,Airport
6/16/2006,1590,Airport
6/17/2006,1532,Airport
6/18/2006,1517,Airport
6/19/2006,2006,Airport
6/20/2006,1130,Airport
6/21/2006,1948,Airport
6/22/2006,1333,Airport
6/23/2006,2591,Airport
6/24/2006,1691,Airport
6/25/2006,1770,Airport
6/26/2006,2150,Airport
6/27/2006,1674,Airport
6/28/2006,1381,Airport
6/29/2006,1857,Airport
6/30/2006,1818,Airport
7/1/2006,769,Airport
7/2/2006,1781,Airport
7/3/2006,1389,Airport
7/4/2006,964,Airport
7/5/2006,3135,Airport
7/6/2006,1263,Airport
7/7/2006,1763,Airport
7/8/2006,1917,Airport
7/9/2006,3392,Airport
7/10/2006,1308,Airport
7/11/2006,1929,Airport
7/12/2006,2111,Airport
7/13/2006,1768,Airport
7/14/2006,2663,Airport
7/15/2006,1273,Airport
7/16/2006,2202,Airport
7/17/2006,1534,Airport
7/18/2006,2203,Airport
7/20/2006,1884,Airport
7/21/2006,1639,Airport
7/22/2006,1947,Airport
7/23/2006,2481,Airport
7/24/2006,1601,Airport
7/27/2006,1113,Airport
7/28/2006,1866,Airport
7/29/2006,858,Airport
7/30/2006,1934,Airport
7/31/2006,1248,Airport
8/1/2006,1757,Airport
8/2/2006,1805,Airport
8/3/2006,1571,Airport
8/4/2006,2055,Airport
8/5/2006,1885,Airport
8/6/2006,1922,Airport
8/7/2006,1889,Airport
8/8/2006,1568,Airport
8/9/2006,2494,Airport
8/10/2006,2968,Airport
8/11/2006,1263,Airport
8/12/2006,1954,Airport
8/13/2006,1548,Airport
8/14/2006,1995,Airport
8/15/2006,1890,Airport
8/16/2006,1180,Airport
8/17/2006,2618,Airport
8/18/2006,1780,Airport
8/19/2006,2180,Airport
8/20/2006,2072,Airport
8/21/2006,1753,Airport
8/22/2006,2315,Airport
8/23/2006,2667,Airport
8/24/2006,1461,Airport
8/25/2006,1323,Airport
8/26/2006,2618,Airport
8/27/2006,1898,Airport
8/28/2006,833,Airport
8/29/2006,3619,Airport
8/30/2006,1089,Airport
8/31/2006,1488,Airport
9/1/2006,1512,Airport
9/2/2006,1213,Airport
9/3/2006,2916,Airport
9/4/2006,3102,Airport
9/5/2006,1976,Airport
9/6/2006,2070,Airport
9/7/2006,1293,Airport
9/8/2006,3281,Airport
9/9/2006,1803,Airport
9/10/2006,2357,Airport
9/11/2006,2538,Airport
9/12/2006,1711,Airport
9/13/2006,2121,Airport
9/14/2006,3084,Airport
9/15/2006,1873,Airport
9/16/2006,2507,Airport
9/17/2006,2520,Airport
9/18/2006,1171,Airport
9/20/2006,1915,Airport
9/21/2006,2489,Airport
9/23/2006,1971,Airport
9/24/2006,2084,Airport
9/26/2006,939,Airport
9/27/2006,957,Airport
9/28/2006,2556,Airport
10/1/2006,3828,Airport
10/2/2006,1179,Airport
10/3/2006,1174,Airport
10/4/2006,2467,Airport
10/5/2006,2795,Airport
10/6/2006,1622,Airport
10/7/2006,1569,Airport
10/8/2006,2129,Airport
10/9/2006,2934,Airport
10/10/2006,3764,Airport
10/11/2006,2052,Airport
10/12/2006,2580,Airport
10/13/2006,2545,Airport
10/14/2006,2725,Airport
10/15/2006,3245,Airport
10/16/2006,1476,Airport
10/17/2006,1882,Airport
10/18/2006,3139,Airport
10/19/2006,3232,Airport
10/20/2006,1954,Airport
10/21/2006,3726,Airport
10/22/2006,3536,Airport
10/23/2006,3300,Airport
10/24/2006,1680,Airport
10/25/2006,2625,Airport
10/26/2006,3478,Airport
10/27/2006,2654,Airport
10/28/2006,3070,Airport
10/29/2006,4383,Airport
10/30/2006,3265,Airport
10/31/2006,2994,Airport
11/1/2006,2803,Airport
11/2/2006,2291,Airport
11/3/2006,1476,Airport
11/4/2006,2858,Airport
11/5/2006,4927,Airport
11/6/2006,2317,Airport
11/7/2006,3101,Airport
11/8/2006,2393,Airport
11/9/2006,3566,Airport
11/10/2006,4132,Airport
11/11/2006,3305,Airport
11/12/2006,3806,Airport
11/13/2006,4518,Airport
11/14/2006,3048,Airport
11/15/2006,2413,Airport
11/16/2006,3447,Airport
11/17/2006,3115,Airport
11/18/2006,3708,Airport
11/19/2006,2860,Airport
11/21/2006,2693,Airport
11/22/2006,3155,Airport
11/23/2006,3500,Airport
11/24/2006,2176,Airport
11/25/2006,4561,Airport
11/26/2006,3015,Airport
11/29/2006,2576,Airport
11/30/2006,2672,Airport
12/1/2006,3349,Airport
12/2/2006,2933,Airport
12/3/2006,3848,Airport
12/4/2006,3472,Airport
12/5/2006,1605,Airport
12/6/2006,3536,Airport
12/7/2006,4341,Airport
12/8/2006,3501,Airport
12/9/2006,4808,Airport
12/10/2006,4582,Airport
12/11/2006,4824,Airport
12/12/2006,3244,Airport
12/13/2006,6405,Airport
12/14/2006,2634,Airport
12/15/2006,2596,Airport
12/16/2006,3348,Airport
12/17/2006,4023,Airport
12/18/2006,4297,Airport
12/19/2006,4244,Airport
12/20/2006,4644,Airport
12/21/2006,4839,Airport
12/22/2006,5675,Airport
12/23/2006,5437,Airport
12/24/2006,2314,Airport
12/25/2006,1847,Airport
12/26/2006,2491,Airport
12/27/2006,2497,Airport
12/28/2006,2648,Airport
12/29/2006,2687,Airport
12/30/2006,2452,Airport
12/31/2006,2485,Airport
1/1/2007,3574,Airport
1/2/2007,3775,Airport
1/3/2007,3750,Airport
1/4/2007,2044,Airport
1/5/2007,2583,Airport
1/6/2007,2616,Airport
1/7/2007,2936,Airport
1/8/2007,1895,Airport
1/9/2007,2646,Airport
1/10/2007,2105,Airport
1/11/2007,2897,Airport
1/12/2007,3588,Airport
1/13/2007,1975,Airport
1/14/2007,5056,Airport
1/15/2007,2951,Airport
1/16/2007,2027,Airport
1/17/2007,2281,Airport
1/18/2007,3531,Airport
1/19/2007,3101,Airport
1/20/2007,3975,Airport
1/21/2007,2652,Airport
1/22/2007,3554,Airport
1/23/2007,2344,Airport
1/24/2007,2749,Airport
1/25/2007,4651,Airport
1/26/2007,3479,Airport
1/28/2007,6348,Airport
1/29/2007,3453,Airport
1/30/2007,2445,Airport
1/31/2007,4614,Airport
2/1/2007,4438,Airport
2/2/2007,3969,Airport
2/3/2007,4117,Airport
2/4/2007,3468,Airport
2/5/2007,3315,Airport
2/6/2007,4348,Airport
2/7/2007,3412,Airport
2/8/2007,3762,Airport
2/9/2007,2804,Airport
2/10/2007,4435,Airport
2/11/2007,5219,Airport
2/12/2007,3182,Airport
2/13/2007,3723,Airport
2/14/2007,5562,Airport
2/15/2007,3561,Airport
2/16/2007,3052,Airport
2/17/2007,4994,Airport
2/18/2007,5509,Airport
2/19/2007,3377,Airport
2/20/2007,3269,Airport
2/21/2007,3778,Airport
2/22/2007,3386,Airport
2/23/2007,5238,Airport
2/24/2007,4448,Airport
2/25/2007,5135,Airport
2/26/2007,3495,Airport
2/27/2007,5323,Airport
2/28/2007,3161,Airport
3/1/2007,5634,Airport
3/2/2007,5054,Airport
3/3/2007,4607,Airport
3/4/2007,5413,Airport
3/5/2007,3809,Airport
3/6/2007,3731,Airport
3/7/2007,3474,Airport
3/8/2007,3328,Airport
3/9/2007,2695,Airport
3/10/2007,3197,Airport
3/11/2007,4608,Airport
3/12/2007,5156,Airport
3/13/2007,3405,Airport
3/14/2007,3350,Airport
3/15/2007,4779,Airport
3/16/2007,3364,Airport
3/17/2007,5127,Airport
3/18/2007,4384,Airport
3/19/2007,6407,Airport
3/20/2007,5090,Airport
3/21/2007,1677,Airport
3/22/2007,3287,Airport
3/23/2007,2195,Airport
3/24/2007,4344,Airport
3/25/2007,3828,Airport
3/26/2007,3717,Airport
3/27/2007,3568,Airport
3/28/2007,3551,Airport
3/29/2007,2711,Airport
3/30/2007,3053,Airport
3/31/2007,5307,Airport
4/1/2007,5085,Airport
4/2/2007,3735,Airport
4/4/2007,1996,Airport
4/5/2007,4049,Airport
4/6/2007,4188,Airport
4/7/2007,4313,Airport
4/8/2007,4184,Airport
4/9/2007,2476,Airport
4/10/2007,1899,Airport
4/11/2007,2827,Airport
4/12/2007,4877,Airport
4/13/2007,3081,Airport
4/14/2007,4712,Airport
4/15/2007,3608,Airport
4/17/2007,5411,Airport
4/18/2007,2521,Airport
4/19/2007,1773,Airport
4/20/2007,3207,Airport
4/21/2007,4670,Airport
4/22/2007,2689,Airport
4/23/2007,3028,Airport
4/24/2007,2275,Airport
4/25/2007,2959,Airport
4/27/2007,3278,Airport
4/28/2007,2928,Airport
4/29/2007,4432,Airport
4/30/2007,2692,Airport
5/1/2007,2919,Airport
5/2/2007,1575,Airport
5/3/2007,2127,Airport
5/4/2007,2840,Airport
5/5/2007,2802,Airport
5/6/2007,3597,Airport
5/7/2007,2990,Airport
5/8/2007,2626,Airport
5/9/2007,2210,Airport
5/10/2007,2857,Airport
5/11/2007,3067,Airport
5/12/2007,3273,Airport
5/13/2007,3659,Airport
5/14/2007,3816,Airport
5/15/2007,1909,Airport
5/16/2007,2292,Airport
5/17/2007,1968,Airport
5/18/2007,4552,Airport
5/19/2007,2934,Airport
5/20/2007,3309,Airport
5/21/2007,3317,Airport
5/22/2007,2391,Airport
5/23/2007,1780,Airport
5/24/2007,1567,Airport
5/25/2007,2410,Airport
5/26/2007,2270,Airport
5/27/2007,3099,Airport
5/28/2007,1309,Airport
5/29/2007,1804,Airport
5/30/2007,1264,Airport
5/31/2007,1236,Airport
6/1/2007,1817,Airport
6/2/2007,2561,Airport
6/3/2007,2889,Airport
6/4/2007,1619,Airport
6/5/2007,1073,Airport
6/15/2007,2708,Airport
6/16/2007,2423,Airport
6/17/2007,1543,Airport
6/18/2007,2009,Airport
6/19/2007,1341,Airport
6/20/2007,3271,Airport
6/21/2007,2220,Airport
6/22/2007,2849,Airport
6/23/2007,2853,Airport
6/24/2007,2707,Airport
6/25/2007,1698,Airport
6/26/2007,1758,Airport
6/27/2007,2186,Airport
6/28/2007,2171,Airport
6/29/2007,2105,Airport
6/30/2007,3713,Airport
7/1/2007,1896,Airport
7/2/2007,2618,Airport
7/3/2007,1545,Airport
7/4/2007,1006,Airport
7/5/2007,1128,Airport
7/6/2007,1426,Airport
7/7/2007,3028,Airport
7/8/2007,1951,Airport
7/9/2007,1261,Airport
7/10/2007,2282,Airport
7/11/2007,2420,Airport
7/12/2007,2496,Airport
7/14/2007,1912,Airport
7/15/2007,3443,Airport
7/16/2007,1385,Airport
7/17/2007,1933,Airport
7/18/2007,1562,Airport
7/19/2007,1292,Airport
7/20/2007,2171,Airport
7/21/2007,1843,Airport
7/22/2007,1992,Airport
7/23/2007,1979,Airport
7/24/2007,2073,Airport
7/25/2007,1255,Airport
7/26/2007,1640,Airport
7/27/2007,2100,Airport
7/28/2007,2534,Airport
7/29/2007,2729,Airport
7/30/2007,1794,Airport
7/31/2007,4247,Airport
8/1/2007,2132,Airport
8/2/2007,1284,Airport
8/3/2007,2224,Airport
8/4/2007,1447,Airport
8/5/2007,1768,Airport
8/6/2007,1101,Airport
8/7/2007,1446,Airport
8/8/2007,1577,Airport
8/9/2007,1186,Airport
8/10/2007,1911,Airport
8/11/2007,2091,Airport
8/12/2007,1963,Airport
8/13/2007,2544,Airport
8/14/2007,1584,Airport
8/15/2007,1843,Airport
8/16/2007,2036,Airport
8/17/2007,1124,Airport
8/19/2007,2089,Airport
8/20/2007,2056,Airport
8/21/2007,1528,Airport
8/22/2007,1900,Airport
8/23/2007,1994,Airport
8/24/2007,2496,Airport
8/25/2007,1344,Airport
8/26/2007,1791,Airport
8/27/2007,1675,Airport
8/28/2007,655,Airport
8/29/2007,1216,Airport
8/30/2007,1634,Airport
8/31/2007,2230,Airport
9/1/2007,2447,Airport
9/2/2007,1346,Airport
9/3/2007,2196,Airport
9/4/2007,2149,Airport
9/5/2007,1044,Airport
9/6/2007,2014,Airport
9/7/2007,855,Airport
9/8/2007,2208,Airport
9/9/2007,656,Airport
9/10/2007,1004,Airport
9/11/2007,1351,Airport
9/12/2007,1441,Airport
9/13/2007,1960,Airport
9/14/2007,1641,Airport
9/15/2007,3039,Airport
9/16/2007,3373,Airport
9/17/2007,1710,Airport
9/18/2007,2179,Airport
9/19/2007,1160,Airport
9/20/2007,1221,Airport
9/21/2007,2254,Airport
9/22/2007,2297,Airport
9/23/2007,1357,Airport
9/24/2007,1613,Airport
9/25/2007,2112,Airport
9/26/2007,1312,Airport
9/27/2007,1447,Airport
9/28/2007,1760,Airport
9/29/2007,2352,Airport
9/30/2007,2019,Airport
10/1/2007,1561,Airport
10/2/2007,1930,Airport
10/3/2007,1360,Airport
10/4/2007,2234,Airport
10/5/2007,1359,Airport
10/6/2007,1331,Airport
10/7/2007,2040,Airport
10/8/2007,3544,Airport
10/9/2007,1451,Airport
10/10/2007,2601,Airport
10/11/2007,1252,Airport
10/12/2007,2285,Airport
10/13/2007,2399,Airport
10/14/2007,2356,Airport
10/15/2007,3623,Airport
10/16/2007,2770,Airport
10/17/2007,1958,Airport
10/18/2007,2505,Airport
10/19/2007,1286,Airport
10/20/2007,2282,Airport
10/21/2007,1797,Airport
10/22/2007,2034,Airport
10/23/2007,1818,Airport
10/24/2007,3696,Airport
10/25/2007,2882,Airport
10/26/2007,2297,Airport
10/27/2007,1885,Airport
10/28/2007,2164,Airport
10/29/2007,1959,Airport
10/30/2007,2246,Airport
10/31/2007,2164,Airport
11/1/2007,1045,Airport
11/2/2007,2155,Airport
11/3/2007,3133,Airport
11/4/2007,3442,Airport
11/5/2007,2338,Airport
11/6/2007,2133,Airport
11/7/2007,2815,Airport
11/8/2007,2133,Airport
11/9/2007,2391,Airport
11/10/2007,5691,Airport
11/11/2007,2087,Airport
11/12/2007,2371,Airport
11/13/2007,2173,Airport
11/14/2007,2384,Airport
11/15/2007,2681,Airport
11/17/2007,2790,Airport
11/18/2007,4485,Airport
11/19/2007,4897,Airport
11/20/2007,1722,Airport
11/21/2007,1755,Airport
11/22/2007,1280,Airport
11/23/2007,2686,Airport
11/24/2007,2889,Airport
11/25/2007,3112,Airport
11/26/2007,2540,Airport
11/27/2007,1565,Airport
11/28/2007,1362,Airport
11/29/2007,3724,Airport
11/30/2007,2549,Airport
12/1/2007,2470,Airport
12/2/2007,3332,Airport
12/3/2007,2829,Airport
12/4/2007,3882,Airport
12/5/2007,3094,Airport
12/6/2007,2563,Airport
12/7/2007,2200,Airport
12/8/2007,3016,Airport
12/9/2007,4354,Airport
12/10/2007,2577,Airport
12/12/2007,1599,Airport
12/13/2007,2238,Airport
12/14/2007,3770,Airport
12/15/2007,3078,Airport
12/16/2007,2255,Airport
12/17/2007,2759,Airport
12/18/2007,1812,Airport
12/19/2007,3250,Airport
12/20/2007,2404,Airport
12/21/2007,4928,Airport
12/22/2007,444,Airport
12/23/2007,2860,Airport
12/24/2007,3223,Airport
12/25/2007,976,Airport
12/26/2007,1809,Airport
12/27/2007,2157,Airport
12/28/2007,2616,Airport
12/29/2007,1462,Airport
12/30/2007,1419,Airport
12/31/2007,1899,Airport
1/1/2008,3308,Airport
1/2/2008,2757,Airport
1/3/2008,3159,Airport
1/4/2008,2439,Airport
1/5/2008,2928,Airport
1/6/2008,2009,Airport
1/7/2008,2255,Airport
1/8/2008,1088,Airport
1/9/2008,1933,Airport
1/10/2008,1478,Airport
1/11/2008,1701,Airport
1/12/2008,2677,Airport
1/13/2008,2095,Airport
1/14/2008,2276,Airport
1/15/2008,2369,Airport
1/16/2008,1910,Airport
1/17/2008,1527,Airport
1/18/2008,2909,Airport
1/19/2008,1571,Airport
1/20/2008,3909,Airport
1/21/2008,2588,Airport
1/22/2008,2533,Airport
1/23/2008,3476,Airport
1/24/2008,3476,Airport
1/25/2008,3609,Airport
1/26/2008,3050,Airport
1/27/2008,4825,Airport
1/28/2008,3058,Airport
1/29/2008,3261,Airport
1/30/2008,3260,Airport
1/31/2008,2721,Airport
2/1/2008,3878,Airport
2/2/2008,2841,Airport
2/3/2008,4365,Airport
2/4/2008,3062,Airport
2/5/2008,3659,Airport
2/6/2008,2338,Airport
2/7/2008,3124,Airport
2/8/2008,3502,Airport
2/9/2008,3286,Airport
2/10/2008,3637,Airport
2/11/2008,4417,Airport
2/12/2008,4856,Airport
2/13/2008,3829,Airport
2/14/2008,4316,Airport
2/15/2008,4327,Airport
2/16/2008,3389,Airport
2/18/2008,4864,Airport
2/19/2008,3546,Airport
2/20/2008,3301,Airport
2/21/2008,3651,Airport
2/22/2008,3481,Airport
2/23/2008,2606,Airport
2/24/2008,4141,Airport
2/25/2008,4247,Airport
2/27/2008,4247,Airport
2/28/2008,2670,Airport
2/29/2008,4684,Airport
3/1/2008,5224,Airport
3/2/2008,5022,Airport
3/3/2008,4638,Airport
3/4/2008,5501,Airport
3/5/2008,4073,Airport
3/6/2008,4476,Airport
3/7/2008,4416,Airport
3/8/2008,5409,Airport
3/9/2008,4972,Airport
3/10/2008,4339,Airport
3/11/2008,4667,Airport
3/12/2008,2963,Airport
3/13/2008,5754,Airport
3/14/2008,4877,Airport
3/15/2008,4679,Airport
3/16/2008,5084,Airport
3/17/2008,5260,Airport
3/18/2008,4786,Airport
3/19/2008,3597,Airport
3/20/2008,2841,Airport
3/21/2008,4835,Airport
3/22/2008,4122,Airport
3/23/2008,2394,Airport
3/24/2008,4119,Airport
3/25/2008,4146,Airport
3/26/2008,3405,Airport
3/27/2008,5045,Airport
3/28/2008,4047,Airport
3/29/2008,4475,Airport
3/30/2008,5170,Airport
3/31/2008,3262,Airport
4/1/2008,3276,Airport
4/2/2008,3608,Airport
4/3/2008,4562,Airport
4/4/2008,4290,Airport
4/5/2008,4028,Airport
4/6/2008,3209,Airport
4/7/2008,3417,Airport
4/8/2008,3141,Airport
4/9/2008,3285,Airport
4/10/2008,2566,Airport
4/11/2008,3822,Airport
4/12/2008,3822,Airport
4/13/2008,4211,Airport
4/14/2008,4814,Airport
4/15/2008,1432,Airport
4/16/2008,2509,Airport
4/17/2008,3627,Airport
4/18/2008,3885,Airport
4/19/2008,3401,Airport
4/20/2008,2321,Airport
4/21/2008,2644,Airport
4/22/2008,2802,Airport
4/23/2008,3588,Airport
4/24/2008,1857,Airport
4/26/2008,3424,Airport
4/27/2008,3383,Airport
4/28/2008,4119,Airport
4/29/2008,3496,Airport
4/30/2008,3234,Airport
5/1/2008,2866,Airport
5/2/2008,2807,Airport
5/3/2008,3167,Airport
5/5/2008,3108,Airport
5/6/2008,3020,Airport
5/7/2008,2269,Airport
5/8/2008,3883,Airport
5/9/2008,3498,Airport
5/11/2008,4598,Airport
5/12/2008,2698,Airport
5/13/2008,2676,Airport
5/14/2008,2130,Airport
5/15/2008,2422,Airport
5/16/2008,2594,Airport
5/17/2008,3852,Airport
5/18/2008,2489,Airport
5/19/2008,1527,Airport
5/20/2008,1542,Airport
5/21/2008,3353,Airport
5/22/2008,2455,Airport
5/23/2008,1632,Airport
5/24/2008,1958,Airport
5/25/2008,1745,Airport
5/26/2008,1315,Airport
5/27/2008,1373,Airport
5/28/2008,2695,Airport
5/29/2008,1932,Airport
5/30/2008,2079,Airport
5/31/2008,2054,Airport
6/1/2008,2405,Airport
6/2/2008,1897,Airport
6/3/2008,2671,Airport
6/4/2008,1898,Airport
6/6/2008,3020,Airport
6/8/2008,1734,Airport
6/10/2008,2818,Airport
6/11/2008,1624,Airport
6/13/2008,2327,Airport
6/14/2008,2474,Airport
6/15/2008,1131,Airport
6/16/2008,1603,Airport
6/17/2008,1097,Airport
6/18/2008,1901,Airport
6/19/2008,2462,Airport
6/20/2008,1145,Airport
6/22/2008,2131,Airport
6/23/2008,2228,Airport
6/24/2008,2388,Airport
6/25/2008,1421,Airport
6/26/2008,1043,Airport
6/27/2008,1821,Airport
6/28/2008,2594,Airport
6/29/2008,1773,Airport
6/30/2008,2348,Airport
7/1/2008,1542,Airport
7/2/2008,1860,Airport
7/3/2008,1182,Airport
7/4/2008,1260,Airport
7/5/2008,2330,Airport
7/6/2008,1978,Airport
7/7/2008,1841,Airport
7/8/2008,1314,Airport
7/9/2008,1585,Airport
7/10/2008,2179,Airport
7/11/2008,1139,Airport
7/12/2008,1667,Airport
7/14/2008,2157,Airport
7/15/2008,1474,Airport
7/16/2008,2052,Airport
7/18/2008,1194,Airport
7/19/2008,2408,Airport
7/20/2008,2808,Airport
7/21/2008,2869,Airport
7/22/2008,1908,Airport
7/23/2008,890,Airport
7/24/2008,2476,Airport
7/25/2008,2148,Airport
7/26/2008,2467,Airport
7/27/2008,3543,Airport
7/28/2008,1837,Airport
7/29/2008,1118,Airport
7/30/2008,1444,Airport
7/31/2008,1325,Airport
8/1/2008,2555,Airport
8/2/2008,1309,Airport
8/3/2008,2057,Airport
8/4/2008,1816,Airport
8/5/2008,1500,Airport
8/6/2008,1666,Airport
8/9/2008,3190,Airport
8/10/2008,2031,Airport
8/11/2008,1593,Airport
8/12/2008,1539,Airport
8/13/2008,2046,Airport
8/16/2008,1887,Airport
8/18/2008,2569,Airport
8/20/2008,3052,Airport
8/21/2008,712,Airport
8/22/2008,1245,Airport
8/23/2008,732,Airport
8/24/2008,2836.52,Airport
8/25/2008,1844.6,Airport
8/26/2008,1543,Airport
8/27/2008,200.64,Airport
8/28/2008,1649.7,Airport
8/29/2008,1107.11,Airport
8/30/2008,1260.49,Airport
8/31/2008,1261.09,Airport
9/1/2008,1330.83,Airport
9/2/2008,1160.1,Airport
9/3/2008,1509.79,Airport
9/4/2008,948.85,Airport
9/5/2008,819.53,Airport
9/6/2008,1124.9,Airport
9/7/2008,819.53,Airport
9/8/2008,518.59,Airport
9/9/2008,653.5,Airport
9/10/2008,622.62,Airport
9/11/2008,1659.18,Airport
9/12/2008,1031.04,Airport
9/13/2008,1117.99,Airport
9/14/2008,1020.63,Airport
9/15/2008,940.88,Airport
9/16/2008,2203.58,Airport
9/17/2008,1249.51,Airport
9/18/2008,3136.16,Airport
9/19/2008,1742.01,Airport
9/20/2008,2389.57,Airport
9/21/2008,874.5,Airport
9/22/2008,1350.1,Airport
9/23/2008,792.59,Airport
9/24/2008,1578.52,Airport
9/25/2008,1026.75,Airport
9/26/2008,1685.36,Airport
9/27/2008,1552,Airport
9/28/2008,2071.34,Airport
9/29/2008,1316.62,Airport
9/30/2008,2267.5,Airport
10/1/2008,1618.58,Airport
10/2/2008,1055.37,Airport
10/3/2008,1331.2,Airport
10/4/2008,2925.74,Airport
10/5/2008,967.22,Airport
10/6/2008,2858.44,Airport
10/7/2008,3223.45,Airport
10/8/2008,1405.37,Airport
10/9/2008,2566.16,Airport
10/10/2008,2257.26,Airport
10/11/2008,2418.34,Airport
10/12/2008,605.79,Airport
10/13/2008,2845.54,Airport
10/14/2008,2221.14,Airport
10/15/2008,1963.45,Airport
10/16/2008,2277.04,Airport
10/17/2008,2009.52,Airport
10/18/2008,2701.07,Airport
10/19/2008,1829.68,Airport
10/20/2008,1380.87,Airport
10/21/2008,2087.3,Airport
10/22/2008,1606.95,Airport
10/23/2008,2936.75,Airport
10/24/2008,1636.45,Airport
10/25/2008,3030.2,Airport
10/26/2008,4027.43,Airport
10/27/2008,1889.28,Airport
10/28/2008,1402.67,Airport
10/29/2008,3004.64,Airport
10/30/2008,1408.29,Airport
10/31/2008,1620.95,Airport
11/1/2008,2686.38,Airport
11/2/2008,2834.35,Airport
11/3/2008,3857.41,Airport
11/4/2008,3979.3,Airport
11/5/2008,2165,Airport
11/6/2008,1367,Airport
11/7/2008,5233.67,Airport
11/8/2008,2439.25,Airport
11/9/2008,3456.18,Airport
11/10/2008,2614.06,Airport
11/11/2008,2445.61,Airport
11/12/2008,2967.79,Airport
11/13/2008,3880.94,Airport
11/14/2008,2542.16,Airport
11/15/2008,2739.44,Airport
11/16/2008,2314.83,Airport
11/17/2008,2013.88,Airport
11/18/2008,2461.44,Airport
11/19/2008,2300,Airport
11/20/2008,2015,Airport
11/21/2008,2465,Airport
11/22/2008,3313.64,Airport
11/23/2008,1759.97,Airport
11/24/2008,1859.97,Airport
11/25/2008,1197.4,Airport
11/26/2008,1175.82,Airport
11/27/2008,1016.58,Airport
11/28/2008,1541.69,Airport
11/29/2008,2031.18,Airport
11/30/2008,2063.79,Airport
12/1/2008,3057.84,Airport
12/2/2008,2413.95,Airport
12/3/2008,2646.54,Airport
12/4/2008,2709.15,Airport
12/5/2008,3046.93,Airport
12/6/2008,1920.09,Airport
12/7/2008,3256.26,Airport
12/8/2008,2153.99,Airport
12/9/2008,2146.2,Airport
12/10/2008,1853.24,Airport
12/11/2008,2890.41,Airport
12/12/2008,2470.63,Airport
12/13/2008,1867.49,Airport
12/14/2008,1980.89,Airport
12/15/2008,3189.64,Airport
12/16/2008,2193.36,Airport
12/17/2008,2311.39,Airport
12/18/2008,1841.14,Airport
12/19/2008,3485.02,Airport
12/20/2008,3250.96,Airport
12/21/2008,1918.07,Airport
12/22/2008,3114.27,Airport
12/23/2008,2797.15,Airport
12/24/2008,3012.24,Airport
12/25/2008,1374.24,Airport
12/26/2008,1943.65,Airport
12/27/2008,1718.78,Airport
12/28/2008,2172.27,Airport
12/29/2008,1317.93,Airport
12/30/2008,2905.73,Airport
11/10/2006,9466.25,Mall
11/11/2006,8151.5,Mall
11/12/2006,5218.75,Mall
11/13/2006,2549,Mall
11/14/2006,3165.5,Mall
11/15/2006,1818.35,Mall
11/16/2006,3686.55,Mall
11/17/2006,3642.75,Mall
11/18/2006,5875.8,Mall
11/19/2006,3642.75,Mall
11/20/2006,3015,Mall
11/21/2006,4621.47,Mall
11/22/2006,5931.75,Mall
11/23/2006,0,Mall
11/24/2006,10164,Mall
11/25/2006,9092.99,Mall
11/26/2006,3486.25,Mall
11/27/2006,3427.6,Mall
11/28/2006,4136.8,Mall
11/29/2006,5696.5,Mall
11/30/2006,3492.75,Mall
12/1/2006,4883.8,Mall
12/2/2006,8813.91,Mall
12/3/2006,6099.24,Mall
12/4/2006,4710.61,Mall
12/5/2006,5778.75,Mall
12/6/2006,6495.75,Mall
12/7/2006,5867.1,Mall
12/8/2006,6709.5,Mall
12/9/2006,12057.75,Mall
12/10/2006,11097.74,Mall
12/11/2006,6936.75,Mall
12/12/2006,5503,Mall
12/13/2006,7459.7,Mall
12/14/2006,5802.5,Mall
12/15/2006,11935.01,Mall
12/16/2006,16602.4,Mall
12/17/2006,9141.94,Mall
12/18/2006,8948.5,Mall
12/19/2006,10790.75,Mall
12/20/2006,13046,Mall
12/21/2006,14201.1,Mall
12/22/2006,13503.35,Mall
12/23/2006,18976.7,Mall
12/24/2006,8357.8,Mall
12/25/2006,0,Mall
12/26/2006,5796.33,Mall
12/27/2006,5967.74,Mall
12/28/2006,5095.4,Mall
12/29/2006,5758.25,Mall
12/30/2006,8470.5,Mall
12/31/2006,4287.99,Mall
1/1/2007,2863.5,Mall
1/2/2007,3761.5,Mall
1/3/2007,2154,Mall
1/4/2007,2789.74,Mall
1/5/2007,2817.5,Mall
1/6/2007,7046.5,Mall
1/7/2007,2291.25,Mall
1/8/2007,3149.74,Mall
1/9/2007,2294.2,Mall
1/10/2007,2497.5,Mall
1/11/2007,2346.5,Mall
1/12/2007,3166.05,Mall
1/13/2007,3838.98,Mall
1/14/2007,2560.98,Mall
1/15/2007,3990.5,Mall
1/16/2007,2300.24,Mall
1/17/2007,3635.01,Mall
1/18/2007,3694.73,Mall
1/19/2007,2404.97,Mall
1/20/2007,5010.15,Mall
1/21/2007,2829.25,Mall
1/22/2007,2037.5,Mall
1/23/2007,4218.71,Mall
1/24/2007,5762.74,Mall
1/25/2007,4382.5,Mall
1/26/2007,4176.72,Mall
1/27/2007,6154,Mall
1/28/2007,4830.75,Mall
1/29/2007,4139.98,Mall
1/30/2007,3852.48,Mall
1/31/2007,4172,Mall
2/1/2007,2912.5,Mall
2/2/2007,3994.7,Mall
2/3/2007,5611.89,Mall
2/4/2007,4454.23,Mall
2/5/2007,5244.24,Mall
2/6/2007,6346.74,Mall
2/7/2007,6306.5,Mall
2/8/2007,4543.94,Mall
2/9/2007,6197,Mall
2/10/2007,8604.5,Mall
2/11/2007,4459.25,Mall
2/12/2007,6848.98,Mall
2/13/2007,6947,Mall
2/14/2007,5864.25,Mall
2/15/2007,3255.25,Mall
2/16/2007,6833,Mall
2/17/2007,9359.5,Mall
2/18/2007,4175,Mall
2/19/2007,8437,Mall
2/20/2007,3592.49,Mall
2/21/2007,3341.25,Mall
2/22/2007,5589.76,Mall
2/23/2007,4622.45,Mall
2/24/2007,8185,Mall
2/25/2007,4458.24,Mall
2/26/2007,5681.6,Mall
2/27/2007,4147.75,Mall
2/28/2007,4480,Mall
3/1/2007,5026.75,Mall
3/2/2007,5558,Mall
3/3/2007,10672.5,Mall
3/4/2007,5580.24,Mall
3/5/2007,3738,Mall
3/6/2007,5054.5,Mall
3/7/2007,6741,Mall
3/8/2007,3416.25,Mall
3/9/2007,6780.49,Mall
3/10/2007,8425.25,Mall
3/11/2007,2652,Mall
3/12/2007,5046.6,Mall
3/13/2007,5235.35,Mall
3/14/2007,6939.46,Mall
3/15/2007,7959.25,Mall
3/16/2007,5968.23,Mall
3/17/2007,6719.24,Mall
3/18/2007,4507.5,Mall
3/19/2007,4865.7,Mall
3/20/2007,6775.25,Mall
3/21/2007,3771.5,Mall
3/22/2007,6280.5,Mall
3/23/2007,5286.59,Mall
3/24/2007,7015.47,Mall
3/25/2007,3292.75,Mall
3/26/2007,5368,Mall
3/27/2007,4348.25,Mall
3/28/2007,4794.75,Mall
3/29/2007,7108.5,Mall
3/30/2007,4741.74,Mall
3/31/2007,9747.67,Mall
4/1/2007,3739.5,Mall
4/2/2007,6238.5,Mall
4/3/2007,3879.48,Mall
4/4/2007,8620.25,Mall
4/5/2007,5455.99,Mall
4/6/2007,7016.95,Mall
4/7/2007,9187.34,Mall
4/8/2007,0,Mall
4/9/2007,8440.25,Mall
4/10/2007,7056.9,Mall
4/11/2007,7019,Mall
4/12/2007,4330.74,Mall
4/13/2007,4858.65,Mall
4/14/2007,8687.9,Mall
4/15/2007,5676.75,Mall
4/16/2007,4763.05,Mall
4/17/2007,2589.74,Mall
4/18/2007,6308.73,Mall
4/19/2007,6032.25,Mall
4/20/2007,4711.47,Mall
4/21/2007,5498.69,Mall
4/22/2007,3424,Mall
4/23/2007,5500.21,Mall
4/24/2007,4228.5,Mall
4/25/2007,4019.44,Mall
4/26/2007,3647.5,Mall
4/27/2007,4785.49,Mall
4/28/2007,5705.97,Mall
4/29/2007,4518.75,Mall
4/30/2007,5086.2,Mall
5/1/2007,6701.05,Mall
5/2/2007,4676.65,Mall
5/3/2007,3332.25,Mall
5/4/2007,5471.79,Mall
5/5/2007,6657.75,Mall
5/6/2007,3170.49,Mall
5/7/2007,4319,Mall
5/8/2007,3451.75,Mall
5/9/2007,4024.27,Mall
5/10/2007,5307.34,Mall
5/11/2007,6706,Mall
5/12/2007,14383.8,Mall
5/13/2007,3058.5,Mall
5/14/2007,2904.25,Mall
5/15/2007,4185.19,Mall
5/16/2007,3974,Mall
5/17/2007,2938.5,Mall
5/18/2007,2774.75,Mall
5/19/2007,5777,Mall
5/20/2007,2996.25,Mall
5/21/2007,2298.99,Mall
5/22/2007,3027.5,Mall
5/23/2007,3138.99,Mall
5/24/2007,2073.25,Mall
5/25/2007,3813.5,Mall
5/26/2007,5538.25,Mall
5/27/2007,2412.05,Mall
5/28/2007,3652.25,Mall
5/29/2007,3304,Mall
5/30/2007,3706.05,Mall
5/31/2007,1958.25,Mall
6/1/2007,1882.25,Mall
6/2/2007,5972.75,Mall
6/3/2007,2869,Mall
6/4/2007,1801.32,Mall
6/5/2007,2363.4,Mall
6/6/2007,5667.5,Mall
6/7/2007,2017.99,Mall
6/8/2007,2991.8,Mall
6/9/2007,5027.75,Mall
6/10/2007,3236.5,Mall
6/11/2007,3402.25,Mall
6/12/2007,2851,Mall
6/13/2007,1630,Mall
6/14/2007,2368,Mall
6/15/2007,2770,Mall
6/16/2007,4193.75,Mall
6/17/2007,2864.24,Mall
6/18/2007,2071.5,Mall
6/19/2007,964.5,Mall
6/20/2007,2509.35,Mall
6/21/2007,2748.25,Mall
6/22/2007,2708.99,Mall
6/23/2007,6142.75,Mall
6/24/2007,354,Mall
6/25/2007,2906.49,Mall
6/26/2007,1692.5,Mall
6/27/2007,2386.75,Mall
6/28/2007,2589.96,Mall
6/29/2007,2872.97,Mall
6/30/2007,3417.45,Mall
7/1/2007,3284.24,Mall
7/2/2007,2459.46,Mall
7/3/2007,3335.32,Mall
7/4/2007,1743.49,Mall
7/5/2007,2097.1,Mall
7/6/2007,3042.46,Mall
7/7/2007,3867.99,Mall
7/8/2007,1626.99,Mall
7/9/2007,1868.43,Mall
7/10/2007,1300.97,Mall
7/11/2007,3191.96,Mall
7/12/2007,1347.5,Mall
7/13/2007,3559.71,Mall
7/14/2007,2566.79,Mall
7/15/2007,2315.49,Mall
7/16/2007,1856.78,Mall
7/17/2007,2423.44,Mall
7/18/2007,1754.2,Mall
7/19/2007,2657.43,Mall
7/20/2007,2672.88,Mall
7/21/2007,3012.09,Mall
7/22/2007,2289.17,Mall
7/23/2007,3559.4,Mall
7/24/2007,2139.97,Mall
7/25/2007,2387.92,Mall
7/26/2007,1528.41,Mall
7/27/2007,5232.95,Mall
7/28/2007,5890.33,Mall
7/29/2007,2727.98,Mall
7/30/2007,1183.2,Mall
7/31/2007,3322.16,Mall
8/1/2007,2525.21,Mall
8/2/2007,2013.99,Mall
8/3/2007,2789.91,Mall
8/4/2007,7384.79,Mall
8/5/2007,2558.68,Mall
8/6/2007,2651.2,Mall
8/7/2007,2729.74,Mall
8/8/2007,1475.47,Mall
8/9/2007,3481.43,Mall
8/10/2007,2974.48,Mall
8/11/2007,3173.22,Mall
8/12/2007,2624.47,Mall
8/13/2007,2220.48,Mall
8/14/2007,1912.73,Mall
8/15/2007,2516.49,Mall
8/16/2007,1902.22,Mall
8/17/2007,2437.21,Mall
8/18/2007,5029.47,Mall
8/19/2007,1608.5,Mall
8/20/2007,1162.45,Mall
8/21/2007,1891.98,Mall
8/22/2007,1776.98,Mall
8/23/2007,1095.74,Mall
8/24/2007,2720.96,Mall
8/25/2007,2652.47,Mall
8/26/2007,1864.12,Mall
8/27/2007,3089.98,Mall
8/28/2007,2059.99,Mall
8/29/2007,2400.25,Mall
8/30/2007,2907.99,Mall
8/31/2007,2216.47,Mall
9/1/2007,3840.45,Mall
9/2/2007,3200.47,Mall
9/3/2007,2675.06,Mall
9/4/2007,1579.71,Mall
9/5/2007,1357.97,Mall
9/6/2007,1204.71,Mall
9/7/2007,1015.01,Mall
9/8/2007,4629.43,Mall
9/9/2007,1373.48,Mall
9/10/2007,2555.27,Mall
9/11/2007,2413.98,Mall
9/12/2007,1705.49,Mall
9/13/2007,1822.95,Mall
9/14/2007,2744.17,Mall
9/15/2007,3390.4,Mall
9/16/2007,2486.25,Mall
9/17/2007,1056.74,Mall
9/18/2007,2129.73,Mall
9/19/2007,2163.23,Mall
9/20/2007,2086.16,Mall
9/21/2007,4055.61,Mall
9/22/2007,4149.97,Mall
9/23/2007,3218.49,Mall
9/24/2007,901.48,Mall
9/25/2007,2279.99,Mall
9/26/2007,1456.98,Mall
9/27/2007,1535.5,Mall
9/28/2007,3553.85,Mall
9/29/2007,10918.57,Mall
9/30/2007,5215.39,Mall
10/1/2007,4137.5,Mall
10/2/2007,1774.01,Mall
10/3/2007,1117.25,Mall
10/4/2007,2434.48,Mall
10/5/2007,2980.74,Mall
10/6/2007,2802.5,Mall
10/7/2007,2330.97,Mall
10/8/2007,1902.95,Mall
10/9/2007,3238.73,Mall
10/10/2007,2045.19,Mall
10/11/2007,2105.71,Mall
10/12/2007,3480.82,Mall
10/13/2007,5183.73,Mall
10/14/2007,3063,Mall
10/15/2007,2659.24,Mall
10/16/2007,940.05,Mall
10/17/2007,2632,Mall
10/18/2007,5730.24,Mall
10/19/2007,2495.81,Mall
10/20/2007,5082.74,Mall
10/21/2007,1352.5,Mall
10/22/2007,1873.6,Mall
10/23/2007,2911.47,Mall
10/24/2007,2683.23,Mall
10/25/2007,4443.24,Mall
10/26/2007,2175.75,Mall
10/27/2007,5101.98,Mall
10/28/2007,4072.24,Mall
10/29/2007,4212.5,Mall
10/30/2007,4519.75,Mall
10/31/2007,2221.65,Mall
11/1/2007,3541.48,Mall
11/2/2007,2038,Mall
11/3/2007,5216,Mall
11/4/2007,2188,Mall
11/5/2007,3249.74,Mall
11/6/2007,3144.5,Mall
11/7/2007,3855.25,Mall
11/8/2007,2193,Mall
11/9/2007,4734.85,Mall
11/10/2007,9003.5,Mall
11/11/2007,3861.5,Mall
11/12/2007,5321,Mall
11/13/2007,4523.99,Mall
11/14/2007,3188.45,Mall
11/15/2007,3253.49,Mall
11/16/2007,6053,Mall
11/17/2007,6392.75,Mall
11/18/2007,4359.15,Mall
11/19/2007,4673.41,Mall
11/20/2007,3899.82,Mall
11/21/2007,4779.99,Mall
11/22/2007,0,Mall
11/23/2007,14641.75,Mall
11/24/2007,8600.5,Mall
11/25/2007,3569,Mall
11/26/2007,3636.5,Mall
11/27/2007,6273.49,Mall
11/28/2007,5181.25,Mall
11/29/2007,3611.74,Mall
11/30/2007,5857.15,Mall
12/1/2007,9287.49,Mall
12/2/2007,7847.25,Mall
12/3/2007,4950.15,Mall
12/4/2007,6117.4,Mall
12/5/2007,7661.45,Mall
12/6/2007,8570.25,Mall
12/7/2007,8933.19,Mall
12/8/2007,12979.2,Mall
12/9/2007,8697.15,Mall
12/10/2007,6219.25,Mall
12/11/2007,6425.25,Mall
12/12/2007,9515.8,Mall
12/13/2007,7209.25,Mall
12/14/2007,9264.44,Mall
12/15/2007,20079.3,Mall
12/16/2007,7937.5,Mall
12/17/2007,13311,Mall
12/18/2007,13491.9,Mall
12/19/2007,13412.79,Mall
12/20/2007,13499.5,Mall
12/21/2007,15315.99,Mall
12/22/2007,21564.66,Mall
12/23/2007,15722.95,Mall
12/24/2007,10138.89,Mall
12/25/2007,0,Mall
12/26/2007,9725.56,Mall
12/27/2007,8130.46,Mall
12/28/2007,5960.69,Mall
12/29/2007,6606.29,Mall
12/30/2007,7175.71,Mall
12/31/2007,6024.67,Mall
1/1/2008,4753.06,Mall
1/2/2008,7064.93,Mall
1/3/2008,6046.17,Mall
1/4/2008,5682.05,Mall
1/5/2008,5964.29,Mall
1/6/2008,3451.18,Mall
1/7/2008,4474.89,Mall
1/8/2008,2095.14,Mall
1/9/2008,2676.35,Mall
1/10/2008,1480.97,Mall
1/11/2008,3800.18,Mall
1/12/2008,6556.35,Mall
1/13/2008,3137.92,Mall
1/14/2008,3825.41,Mall
1/15/2008,4701.39,Mall
1/16/2008,4686.42,Mall
1/17/2008,7094.32,Mall
1/18/2008,4145.46,Mall
1/19/2008,5927.67,Mall
1/20/2008,3297.46,Mall
1/21/2008,5755.42,Mall
1/22/2008,2521.43,Mall
1/23/2008,3736.95,Mall
1/24/2008,3218.62,Mall
1/25/2008,5155.43,Mall
1/26/2008,7937.17,Mall
1/27/2008,1782.96,Mall
1/28/2008,5774.44,Mall
1/29/2008,4447.39,Mall
1/30/2008,4886.4,Mall
1/31/2008,3489.94,Mall
2/1/2008,6130.39,Mall
2/2/2008,6428.82,Mall
2/3/2008,3666.25,Mall
2/4/2008,4287,Mall
2/5/2008,6576,Mall
2/6/2008,3352.46,Mall
2/7/2008,7404.45,Mall
2/8/2008,7107.46,Mall
2/9/2008,12342.25,Mall
2/10/2008,5879,Mall
2/11/2008,6809.73,Mall
2/12/2008,6992.23,Mall
2/13/2008,9353.13,Mall
2/14/2008,5828.17,Mall
2/15/2008,6040.65,Mall
2/16/2008,8556.92,Mall
2/17/2008,3992.78,Mall
2/18/2008,8255.22,Mall
2/19/2008,6892.18,Mall
2/20/2008,5263.7,Mall
2/21/2008,6488.94,Mall
2/22/2008,5228.32,Mall
2/23/2008,8008.74,Mall
2/24/2008,4469.5,Mall
2/25/2008,7491.74,Mall
2/26/2008,3530.62,Mall
2/27/2008,6647.75,Mall
2/28/2008,7668.2,Mall
2/29/2008,6990.21,Mall
3/1/2008,7558.45,Mall
3/2/2008,3394.74,Mall
3/3/2008,5078.74,Mall
3/4/2008,7333.27,Mall
3/5/2008,4657.99,Mall
3/6/2008,8859.99,Mall
3/7/2008,4145.83,Mall
3/8/2008,8541.48,Mall
3/9/2008,2981.99,Mall
3/10/2008,5832.19,Mall
3/11/2008,5557.75,Mall
3/12/2008,5470,Mall
3/13/2008,5651.45,Mall
3/14/2008,6678.48,Mall
3/15/2008,7834.75,Mall
3/16/2008,3951.24,Mall
3/17/2008,4942.98,Mall
3/18/2008,6381.49,Mall
3/19/2008,2583.5,Mall
3/20/2008,7079.22,Mall
3/21/2008,5105.25,Mall
3/22/2008,7617.15,Mall
3/23/2008,0,Mall
3/24/2008,6104.99,Mall
3/25/2008,6079.99,Mall
3/26/2008,4615.99,Mall
3/27/2008,6360.22,Mall
3/28/2008,6467.74,Mall
3/29/2008,6806.01,Mall
3/30/2008,2973.75,Mall
3/31/2008,5001.25,Mall
4/1/2008,7083.5,Mall
4/2/2008,4898.09,Mall
4/3/2008,3456,Mall
4/4/2008,5459.51,Mall
4/5/2008,8790,Mall
4/6/2008,4215.5,Mall
4/7/2008,4376.4,Mall
4/8/2008,5582.1,Mall
4/9/2008,5764,Mall
4/10/2008,5752.75,Mall
4/11/2008,6677,Mall
4/12/2008,5725.39,Mall
4/13/2008,3580,Mall
4/14/2008,5026,Mall
4/15/2008,6413.49,Mall
4/16/2008,8123.5,Mall
4/17/2008,4829,Mall
4/18/2008,5917.48,Mall
4/19/2008,6535.69,Mall
4/20/2008,3515.15,Mall
4/21/2008,3721.75,Mall
4/22/2008,5104.5,Mall
4/23/2008,4163.2,Mall
4/24/2008,4642,Mall
4/25/2008,4251,Mall
4/26/2008,8223.75,Mall
4/27/2008,3547.24,Mall
4/28/2008,5245.25,Mall
4/29/2008,5682,Mall
4/30/2008,3759.5,Mall
5/1/2008,6296.85,Mall
5/2/2008,5715,Mall
5/3/2008,9675.3,Mall
5/4/2008,3141.75,Mall
5/5/2008,5756,Mall
5/6/2008,3873.25,Mall
5/7/2008,9190,Mall
5/8/2008,3929,Mall
5/9/2008,7302.5,Mall
5/10/2008,15863.75,Mall
5/11/2008,4903.55,Mall
5/12/2008,2826.6,Mall
5/13/2008,2283,Mall
5/14/2008,2156.25,Mall
5/15/2008,2127.24,Mall
5/16/2008,4652.34,Mall
5/17/2008,4583.83,Mall
5/18/2008,2394,Mall
5/19/2008,3708.18,Mall
5/20/2008,2073.5,Mall
5/21/2008,1786.5,Mall
5/22/2008,5019.25,Mall
5/23/2008,2413,Mall
5/24/2008,3771,Mall
5/25/2008,3991.5,Mall
5/26/2008,3470.95,Mall
5/27/2008,2441.6,Mall
5/28/2008,2675.49,Mall
5/29/2008,2122.99,Mall
5/30/2008,3037,Mall
5/31/2008,5799.95,Mall
6/1/2008,2637.49,Mall
6/2/2008,2607.5,Mall
6/3/2008,2964.5,Mall
6/4/2008,3054.5,Mall
6/5/2008,2702.75,Mall
6/6/2008,2283.02,Mall
6/7/2008,5569.1,Mall
6/8/2008,3431,Mall
6/9/2008,2505.5,Mall
6/10/2008,1594.5,Mall
6/11/2008,2690,Mall
6/12/2008,1595.2,Mall
6/13/2008,2537,Mall
6/14/2008,3650.4,Mall
6/15/2008,2122.49,Mall
6/16/2008,3261.25,Mall
6/17/2008,2418,Mall
6/18/2008,1687.75,Mall
6/19/2008,2877.5,Mall
6/20/2008,2904.94,Mall
6/21/2008,4014.36,Mall
6/22/2008,1106.4,Mall
6/23/2008,3461.91,Mall
6/24/2008,2557.43,Mall
6/25/2008,3529.46,Mall
6/26/2008,1128.96,Mall
6/27/2008,5102.14,Mall
6/28/2008,3817.95,Mall
6/29/2008,2463.97,Mall
6/30/2008,2932.96,Mall
7/1/2008,3077.46,Mall
7/2/2008,2038.49,Mall
7/3/2008,2246.42,Mall
7/4/2008,629.49,Mall
7/5/2008,5344.42,Mall
7/6/2008,1682.22,Mall
7/7/2008,2650.48,Mall
7/8/2008,1871.22,Mall
7/9/2008,2169.1,Mall
7/10/2008,2067.99,Mall
7/11/2008,3017.96,Mall
7/12/2008,3578.9,Mall
7/13/2008,1790.47,Mall
7/14/2008,1610.96,Mall
7/15/2008,3223.97,Mall
7/16/2008,1425.48,Mall
7/17/2008,2075.47,Mall
7/18/2008,2751.7,Mall
7/19/2008,3633.69,Mall
7/20/2008,1602.99,Mall
7/21/2008,2190,Mall
7/22/2008,2115.68,Mall
7/23/2008,1921.38,Mall
7/24/2008,2075.71,Mall
7/25/2008,4462.45,Mall
7/26/2008,8102.84,Mall
7/27/2008,2573.43,Mall
7/28/2008,3185.95,Mall
7/29/2008,3099.89,Mall
7/30/2008,2931.94,Mall
7/31/2008,3052.7,Mall
8/1/2008,3379.2,Mall
8/2/2008,7127.09,Mall
8/3/2008,2315.49,Mall
8/4/2008,2003.46,Mall
8/5/2008,1270,Mall
8/6/2008,2243.48,Mall
8/7/2008,2913.47,Mall
8/8/2008,1723.72,Mall
8/9/2008,1615.72,Mall
8/10/2008,1533.47,Mall
8/11/2008,1465.47,Mall
8/12/2008,1419.97,Mall
8/13/2008,1651.19,Mall
8/14/2008,1663.31,Mall
8/15/2008,4130.09,Mall
8/16/2008,6826.21,Mall
8/17/2008,3935.57,Mall
8/18/2008,680.89,Mall
8/19/2008,124,Mall
8/20/2008,2123.47,Mall
8/21/2008,1121.99,Mall
8/22/2008,3670.96,Mall
8/23/2008,4858.41,Mall
8/24/2008,2147.42,Mall
8/25/2008,1594.45,Mall
8/26/2008,2179.46,Mall
8/27/2008,2925.7,Mall
8/28/2008,1191.97,Mall
8/29/2008,2135.72,Mall
8/30/2008,4520.41,Mall
8/31/2008,3648.9,Mall
9/1/2008,1928.98,Mall
9/2/2008,1083.5,Mall
9/3/2008,1212.48,Mall
9/4/2008,2301.47,Mall
9/5/2008,3476.88,Mall
9/6/2008,4236.42,Mall
9/7/2008,1673.02,Mall
9/8/2008,156.5,Mall
9/9/2008,762.51,Mall
9/10/2008,871.49,Mall
9/11/2008,1468.68,Mall
9/12/2008,1110.39,Mall
9/13/2008,4859.96,Mall
9/14/2008,1929.99,Mall
9/15/2008,1854.99,Mall
9/16/2008,2716.71,Mall
9/17/2008,936.99,Mall
9/18/2008,1101.49,Mall
9/19/2008,2520.96,Mall
9/20/2008,3256.48,Mall
9/21/2008,2241.99,Mall
9/22/2008,1339.46,Mall
9/23/2008,2053.4,Mall
9/24/2008,1644.47,Mall
9/25/2008,1749.75,Mall
9/26/2008,2383.49,Mall
9/27/2008,8136.99,Mall
9/28/2008,1755.8,Mall
9/29/2008,1741.89,Mall
9/30/2008,2364.71,Mall
10/1/2008,1343.59,Mall
10/2/2008,1250.25,Mall
10/3/2008,3143.25,Mall
10/4/2008,4617.5,Mall
10/5/2008,2142.23,Mall
10/6/2008,2610.72,Mall
10/7/2008,2109.49,Mall
10/8/2008,2159.17,Mall
10/9/2008,2865.49,Mall
10/10/2008,3906.23,Mall
10/11/2008,4087.45,Mall
10/12/2008,966.47,Mall
10/13/2008,1981.34,Mall
10/14/2008,1673.99,Mall
10/15/2008,3245.74,Mall
10/16/2008,2564.48,Mall
10/17/2008,4712.49,Mall
10/18/2008,4388.49,Mall
10/19/2008,2484,Mall
10/20/2008,2251.98,Mall
10/21/2008,1903.5,Mall
10/22/2008,1831.02,Mall
10/23/2008,2087.22,Mall
10/24/2008,2349,Mall
10/25/2008,4337,Mall
10/26/2008,3154.9,Mall
10/27/2008,2311.75,Mall
10/28/2008,2419,Mall
10/29/2008,895.59,Mall
10/30/2008,2031.5,Mall
10/31/2008,2288,Mall
11/1/2008,4723.85,Mall
11/2/2008,2203,Mall
11/3/2008,2337,Mall
11/4/2008,4974.81,Mall
11/5/2008,3078.24,Mall
11/6/2008,4129.5,Mall
11/7/2008,2727,Mall
11/8/2008,4123.5,Mall
11/9/2008,2654.5,Mall
11/10/2008,6455.49,Mall
11/11/2008,3995.25,Mall
11/12/2008,3266.5,Mall
11/13/2008,4577.4,Mall
11/14/2008,4550.97,Mall
11/15/2008,6938.5,Mall
11/16/2008,4013.7,Mall
11/17/2008,3372.5,Mall
11/18/2008,1975.99,Mall
11/19/2008,1844.2,Mall
11/20/2008,3280.72,Mall
11/21/2008,3768.5,Mall
11/22/2008,7632.77,Mall
11/23/2008,2714,Mall
11/24/2008,2736.97,Mall
11/25/2008,3394.24,Mall
11/26/2008,3831.5,Mall
11/27/2008,0,Mall
11/28/2008,12041.36,Mall
11/29/2008,7518.75,Mall
11/30/2008,3802,Mall
12/1/2008,3685.5,Mall
12/2/2008,4312.25,Mall
12/3/2008,3518,Mall
12/4/2008,8119.08,Mall
12/5/2008,9303.09,Mall
12/6/2008,10699.6,Mall
12/7/2008,11552.1,Mall
12/8/2008,5727.26,Mall
12/9/2008,6204.27,Mall
12/10/2008,10314.99,Mall
12/11/2008,9516.25,Mall
12/12/2008,10355.75,Mall
12/13/2008,16423.48,Mall
12/14/2008,6414.98,Mall
12/15/2008,7541.8,Mall
12/16/2008,9654.69,Mall
12/17/2008,8055.36,Mall
12/18/2008,10899.18,Mall
12/19/2008,13842.58,Mall
12/20/2008,18044.43,Mall
12/21/2008,10829.99,Mall
12/22/2008,15952.45,Mall
12/23/2008,12930.19,Mall
12/24/2008,7217.5,Mall
12/25/2008,0,Mall
12/26/2008,9187.21,Mall
12/27/2008,5871.34,Mall
12/28/2008,3555.29,Mall
12/29/2008,4484.07,Mall
12/30/2008,4959.84,Mall
12/31/2008,3978.22,Mall
